<?xml version="1.0" encoding="UTF-8"?><collection xmlns="http://www.loc.gov/MARC21/slim"><record><leader>00488nam--2200181-i-4500</leader><controlfield tag="001">000042864</controlfield><controlfield tag="002">20161230</controlfield><controlfield tag="005">20161230201043</controlfield><controlfield tag="008">060222s1000------------r-----000-0-eng-d</controlfield><datafield ind1=" " ind2=" " tag="040"><subfield code="a">IFIN-HH</subfield></datafield><datafield ind1=" " ind2=" " tag="080"><subfield code="a">531:539</subfield></datafield><datafield ind1="1" ind2=" " tag="100"><subfield code="a">Stephenson,Reginald J</subfield></datafield><datafield ind1="1" ind2="0" tag="245"><subfield code="a">Mechanics and properties of matter</subfield><subfield code="c">Reginald J. Stephenson</subfield></datafield><datafield ind1=" " ind2=" " tag="250"><subfield code="a">Third Edition</subfield></datafield><datafield ind1=" " ind2=" " tag="260"><subfield code="a">New York, John Wiley &amp; Sons,Inc.,1968</subfield></datafield><datafield ind1=" " ind2=" " tag="300"><subfield code="a">XIII + 375 P</subfield></datafield><datafield ind1=" " ind2=" " tag="852"><subfield code="a">32914</subfield><subfield code="c">531</subfield></datafield><datafield ind1=" " ind2=" " tag="CAT"><subfield code="a">Sys</subfield><subfield code="c">20100623</subfield><subfield code="h">142344</subfield></datafield></record></collection>